% !TEX root = main.tex
% Related to lvqq
% Paper draft -- to be submitted to JHEP
@Booklet{finalpaperlvJ,
	author = "{ATLAS Collaboration}",
	title  = "{Search for $WW/WZ$ resonance production in lvqq final states in $pp$ collisions at sqrt(s)=13 TeV with the ATLAS detector}",
	howpublished = "\href{https://cds.cern.ch/record/2270720}{ATLAS-EXOT-2016-28}",
	year         = "2017",
	note         = "To be submitted to JHEP"
}
% ICHEP 2016 support note
@Article{diboson_comb_2016,
      author         = "{ATLAS Collaboration}",
			title          = "{Searches for heavy diboson resonances in $pp$ collisions
                        at $\sqrt{s}=13$ TeV with the ATLAS detector}",
      journal        = "JHEP",
      volume         = "09",
      year           = "2016",
      pages          = "173",
      doi            = "10.1007/JHEP09(2016)173",
      eprint         = "1606.04833",
      archivePrefix  = "arXiv",
      primaryClass   = "hep-ex",
}
@Booklet{ichep2016supportnote,
      author         = "{ATLAS Collaboration}",
      title         = "{$WW/WZ$ resonance search in the $\ell\nu qq$ final state at
                       $\sqrt{s}$ = 13 TeV with the ATLAS detector at the LHC}",
      howpublished  = "\href{http://cds.cern.ch/record/2151836}{ATL-COM-PHYS-2016-476}",
      year        	= "2016",
}
% 2016 summer CONF
@Booklet{lvqq_conf_2016,
      author         = "{ATLAS Collaboration}",
     title         = "{Search for diboson resonance production in the $\ell\nu qq$ final state at $\sqrt{s}=13\,$TeV with the ATLAS
                       detector at the LHC}",
     howpublished = "\href{https://cds.cern.ch/record/2206199}{ATLAS-CONF-2016-062}",
     year          = "2016",
}
% Previous results
@Article{lvjj_run1,
      author         = "{ATLAS Collaboration}",
      title          = "{Search for production of $WW/WZ$ resonances decaying to
                        a lepton, neutrino and jets in $pp$ collisions at
                        $\sqrt{s}=8$  TeV with the ATLAS detector}",
      journal        = "Eur. Phys. J. C",
      volume         = "75",
      year           = "2015",
      pages          = "209",
      doi            = "10.1140/epjc/s10052-015-3593-4",
      eprint         = "1503.04677",
      archivePrefix  = "arXiv",
      primaryClass   = "hep-ex",
}
@Article{CMS_diboson_run1,
      author         = "{CMS Collaboration}",
      title          = "{Search for massive resonances decaying into pairs of
                        boosted bosons in semi-leptonic final states at $\sqrt{s}
                        =$ 8 TeV}",
      journal        = "JHEP",
      volume         = "08",
      year           = "2014",
      pages          = "174",
      doi            = "10.1007/JHEP08(2014)174",
      eprint         = "1405.3447",
      archivePrefix  = "arXiv",
      primaryClass   = "hep-ex",
}
@Article{CMS_dijet_run1,
      author         = "{CMS Collaboration}",
      title          = "{Search for massive resonances in dijet systems
                        containing jets tagged as W or Z boson decays in pp
                        collisions at $ \sqrt{s} $ = 8 TeV}",
      journal        = "JHEP",
      volume         = "08",
      year           = "2014",
      pages          = "173",
      doi            = "10.1007/JHEP08(2014)173",
      eprint         = "1405.1994",
      archivePrefix  = "arXiv",
      primaryClass   = "hep-ex",
}
@Article{ATLAS_comb_run1,
      author         = "{ATLAS Collaboration}",
      title          = "{Combination of searches for $WW$, $WZ$, and $ZZ$
                        resonances in $pp$ collisions at $\sqrt{s} = 8$ TeV with
                        the ATLAS detector}",
      journal        = "Phys. Lett. B",
      volume         = "755",
      year           = "2016",
      pages          = "285-305",
      doi            = "10.1016/j.physletb.2016.02.015",
      eprint         = "1512.05099",
      archivePrefix  = "arXiv",
      primaryClass   = "hep-ex",
}
@Article{CMS_diboson_run1run2,
      author         = "{CMS Collaboration}",
      title          = "{Combination of searches for heavy resonances decaying to
                        WW, WZ, ZZ, WH, and ZH boson pairs in proton-proton
                        collisions at sqrt(s) = 8 and 13 TeV}",
      year           = "2017",
      eprint         = "1705.09171",
      archivePrefix  = "arXiv",
      primaryClass   = "hep-ex",
}
@Article{CMS_diboson_run2,
      author         = "{CMS Collaboration}",
      title          = "{Search for massive resonances decaying into WW, WZ or ZZ
                        bosons in proton-proton collisions at $\sqrt{s} = $ 13
                        TeV}",
      journal        = "JHEP",
      volume         = "03",
      year           = "2017",
      pages          = "162",
      doi            = "10.1007/JHEP03(2017)162",
      eprint         = "1612.09159",
      archivePrefix  = "arXiv",
      primaryClass   = "hep-ex",
}
% My specific publications
% ICHEP talk proceedings
@Article{ryne_ichep_talk,
			author   			= "Ryne Carbone",
			title					= "Upgrade of the {ATLAS} Calorimeters for Higher {LHC} Luminosities",
			journal				= "PoS",
			year					= "ICHEP2016",
			pages         = "236",
			url           = "https://pos.sissa.it/archive/conferences/282/236/ICHEP2016_236.pdf"
}
% LHCC poster
@Booklet{lhcc_poster,
      author        = "Camincher, Clement and Carbone, Ryne",
      title         = "{Liquid Argon Calorimeters Operation and Data Quality
                       During the 2015 Proton Run}",
      howpublished  = "\href{https://cds.cern.ch/record/2135298}{ATL-LARG-SLIDE-2016-111}",
      year          = "2016",
}
@Article{diphoton_paper,
      author         = "{ATLAS Collaboration}",
      title          = "{Search for resonances in diphoton events at
                        $\sqrt{s}$=13 TeV with the ATLAS detector}",
      journal        = "JHEP",
      volume         = "09",
      year           = "2016",
      pages          = "001",
      doi            = "10.1007/JHEP09(2016)001",
      eprint         = "1606.03833",
      archivePrefix  = "arXiv",
      primaryClass   = "hep-ex",
}
% Published in journals
@Article{LHC,
  author={Lyndon Evans and Philip Bryant},
  title={LHC Machine},
  journal="JINST",
  volume={3},
  year={2008},
  pages={S08001},
	doi="10.1088/1748-0221/3/08/S08001",
}	
@Article{ATLAS,
    author         = "{ATLAS Collaboration}",
    journal         = "JINST",
    volume          = "3",
    year            = "2008",
    pages           = "S08003",
		doi             = "10.1088/1748-0221/3/08/S08003"
}
@Article{CMS,
    author         = "{CMS Collaboration}",
    journal         = "JINST",
    volume          = "3",
    year            = "2008",
    pages           = "S08004",
		doi             = "10.1088/1748-0221/3/08/S08004"
}
@Article{ALICE,
    author         = "{ALICE Collaboration}",
    journal         = "JINST",
    volume          = "3",
    year            = "2008",
    pages           = "S08002",
		doi             = "10.1088/1748-0221/3/08/S08002"
}
@Article{LHCb,
    author          = "{LHCb Collaboration}",
    journal         = "JINST",
    volume          = "3",
    year            = "2008",
    pages           = "S08005",
		doi             = "10.1088/1748-0221/3/08/S08005"
}
@Article{TOTEM,
      author          = "{TOTEM Collaboration}",
      journal        = "JINST",
      volume         = "3",
      year           = "2008",
      pages          = "S08007",
      doi            = "10.1088/1748-0221/3/08/S08007",
}
@Article{LHCf,
      author          = "{LHCf Collaboration}",
      journal        = "JINST",
      volume         = "3",
      year           = "2008",
      pages          = "S08006",
      doi            = "10.1088/1748-0221/3/08/S08006",
}
@Article{Pixel_Sensors,
      author          = "{ATLAS Collaboration}",
		journal         = "JINST",
		volume          = "3",
		year            = "2008",
		pages           = "P07007",
		doi             = "10.1088/1748-0221/3/07/P07007"
}
@Article{SCT_paper,
      author          = "{ATLAS Collaboration}",
		journal				 = "JINST",
		volume         = "9",
		year           = "2014",
		pages          = "P08009",
		doi            = "10.1088/1748-0221/9/08/P08009"
}
@Article{DBM,
	author        = "M. Cerv",
	collaboration = "ATLAS",
	journal       = "JINST",
	volume        = "9",
	year          = "2014",
	pages         = "C02026",
	doi           = "10.1088/1748-0221/9/02/C02026"
}
@Article{TRT_sensors,
		author = "{ATLAS Collaboration}",
	  title={The ATLAS Transition Radiation Tracker (TRT) proportional drift tube: design and performance},
		journal= "JINST",
		volume={3},
		year={2008},
		pages={P02013},
		doi="10.1088/1748-0221/3/02/P02013"
}
@Article{Nevis12_paper,
      author         = "Kuppambatti, Jayanth and Ban, Jaroslav and Andeen,
                        Timothy and Brown, Rex and Carbone, Ryne and Kinget, Peter
                        and Brooijmans, Gustaaf and Sippach, William",
      title          = "{A radiation-hard dual-channel 12-bit 40 MS/s ADC
                        prototype for the ATLAS liquid argon calorimeter readout
                        electronics upgrade at the CERN LHC}",
      journal        = "Nucl. Instrum. Meth. A",
      volume         = "855",
      year           = "2017",
      pages          = "38-46",
      doi            = "10.1016/j.nima.2017.01.025",
      eprint         = "1706.01535",
      archivePrefix  = "arXiv",
      primaryClass   = "physics.ins-det",
}
@Article{spin_parity,
  title = {Spin and parity of a single-produced resonance at the LHC},
  author = {Bolognesi, Sara and others},
  journal = {Phys. Rev. D},
  volume = {86},
  issue = {9},
  pages = {095031},
  numpages = {21},
  year = {2012},
  month = {Nov},
  publisher = {American Physical Society},
  doi = {10.1103/PhysRevD.86.095031},
}
@Article{w_polarization,
  title = {Left-handed $W$ bosons at the LHC},
  author = {Bern, Z. and others},
  journal = {Phys. Rev. D},
  volume = {84},
  issue = {3},
  pages = {034008},
  numpages = {15},
  year = {2011},
  month = {Aug},
  publisher = {American Physical Society},
  doi = {10.1103/PhysRevD.84.034008},
}
@Article{w_polarization_2,
	author="Stirling, W. J. and Vryonidou, E.",
	title="Electroweak gauge boson polarisation at the LHC",
	journal="JHEP",
	year="2012",
	volume="2012",
	number="7",
	pages="124",
	doi="10.1007/JHEP07(2012)124",
}
@Article{hvt_polarization,
  author="Abe, Tomohiro and Kitahara, Teppei and Nojiri, Mihoko M.",
  title="Prospects for spin-1 resonance search at 13 TeV LHC and the ATLAS diboson excess",
  journal="JHEP",
  year="2016",
  volume="2016",
  number="2",
  pages="84",
  doi="10.1007/JHEP02(2016)084",
}
@Article{trigger_2015,
		author = "{ATLAS Collaboration}",
	title="Performance of the ATLAS trigger system in 2015",
	journal="Eur. Phys. J. C",
	year="2017",
	volume="77",
	number="5",
	pages="317",
	issn="1434-6052",
	doi="10.1140/epjc/s10052-017-4852-3",
}
@Article{Leaky_bucket,
  author={S. Ask and others},
  title={The ATLAS central level-1 trigger logic and TTC system},
  journal={JINST},
  volume={3},
  number={08},
  pages={P08002},
  year={2008},
	doi = "10.1088/1748-0221/3/08/P08002",
}
@Article{Higgs_atlas,
		author = "{ATLAS Collaboration}",
	title = "Observation of a new particle in the search for the Standard Model Higgs boson with the ATLAS detector at the LHC",
	journal = "Phys. Lett. B",
	volume = "716",
	number = "1",
	pages = "1 - 29",
	year = "2012",
	issn = "0370-2693",
	doi = "10.1016/j.physletb.2012.08.020",
}
@article{Higgs_cms,
		author = "{CMS Collaboration}",
	title = "Observation of a new boson at a mass of 125 GeV with the CMS experiment at the LHC",
	journal = "Phys. Lett. B",
	volume = "716",
	number = "1",
	pages = "30 - 61",
	year = "2012",
	issn = "0370-2693",
	doi = "10.1016/j.physletb.2012.08.021",
}
@article{lhc_boosted,
author="Abdesselam, A. and others",
title="Boosted objects: a probe of beyond the standard model physics",
journal="Eur. Phys. J. C",
year="2011",
volume="71",
number="6",
pages="1661",
issn="1434-6052",
doi="10.1140/epjc/s10052-011-1661-y",
}
@Article{Glashow:1961tr,
      author         = "Glashow, S. L.",
      title          = "{Partial Symmetries of Weak Interactions}",
      journal        = "Nucl. Phys.",
      volume         = "22",
      year           = "1961",
      pages          = "579-588",
      doi            = "10.1016/0029-5582(61)90469-2"
}
@Article{Weinberg,
  author = {Weinberg, Steven},
  title = {A Model of Leptons},
  journal = {Phys. Rev. Lett.},
  volume = {19},
  issue = {21},
  pages = {1264--1266},
  year = {1967},
  month = {Nov},
  publisher = {American Physical Society},
  doi = {10.1103/PhysRevLett.19.1264},
}
@Article{Salam:1968rm,
      author         = "Salam, Abdus",
      title          = "{Weak and Electromagnetic Interactions}",
      booktitle      = "{8th Nobel Symposium Lerum, Sweden, May 19-25, 1968}",
      journal        = "Conf. Proc.",
      volume         = "C680519",
      year           = "1968",
      pages          = "367-377",
}
@Article{Gross_Wilczek,
  author = {Gross, David J. and Wilczek, Frank},
  title = {Ultraviolet Behavior of Non-Abelian Gauge Theories},
  journal = {Phys. Rev. Lett.},
  volume = {30},
  issue = {26},
  pages = {1343--1346},
  year = {1973},
  month = {Jun},
  publisher = {American Physical Society},
  doi = {10.1103/PhysRevLett.30.1343},
}
@Article{Politzer,
  author = {Politzer, H. David},
  title = {Reliable Perturbative Results for Strong Interactions?},
  journal = {Phys. Rev. Lett.},
  volume = {30},
  issue = {26},
  pages = {1346--1349},
  year = {1973},
  month = {Jun},
  publisher = {American Physical Society},
  doi = {10.1103/PhysRevLett.30.1346},
}
@Article{pentaquark,
		author = "{LHCb Collaboration}",
  journal = {Phys. Rev. Lett.},
  volume = {115},
  issue = {7},
  pages = {072001},
  year = {2015},
  month = {Aug},
  publisher = {American Physical Society},
  doi = {10.1103/PhysRevLett.115.072001},
}
@Article{noether,
	author = {Emmy Noether and M. A. Tavel},
	title = {Invariant variation problems},
	journal = {Transp. Theory Statist. Phys.},
	volume = {1},
	pages = {186-207},
	year = {1971},
	doi = {10.1080/00411457108231446},
  eprint         = "physics/0503066",
  archivePrefix  = "arXiv",
  primaryClass   = "physics.hist-ph",
}
@Article{spin_stats,
  title = {The Connection Between Spin and Statistics},
  author = {Pauli, W.},
  journal = {Phys. Rev.},
  volume = {58},
  issue = {8},
  pages = {716--722},
  year = {1940},
  month = {Oct},
  publisher = {American Physical Society},
  doi = {10.1103/PhysRev.58.716},
}
@Article{Goldstone,
	author="Jeffrey Goldstone",
	title="Field theories with Superconductor solutions",
	journal="Nuovo Cim.",
	year="1961",
	volume="19",
	number="1",
	pages="154--164",
	doi="10.1007/BF02812722",
}
@Article{gold_salam_wein,
  title = {Broken Symmetries},
  author = {Jeffrey Goldstone and Abdus Salam and Steven Weinberg},
  journal = {Phys. Rev.},
  volume = {127},
  issue = {3},
  pages = {965--970},
  year = {1962},
  doi = {10.1103/PhysRev.127.965},
}
@Article{thooft,
	author = "Gerard 't Hooft",
	title = "Renormalizable Lagrangians for massive Yang-Mills fields",
	journal = "Nucl. Phys. B",
	volume = "35",
	number = "1",
	pages = "167 - 188",
	year = "1971",
	doi = "10.1016/0550-3213(71)90139-8",
}
@Article{brout_englert,
  title = {Broken Symmetry and the Mass of Gauge Vector Mesons},
  author = {Francois Englert and Robert Brout},
  journal = {Phys. Rev. Lett.},
  volume = {13},
  issue = {9},
  pages = {321--323},
  year = {1964},
  doi = {10.1103/PhysRevLett.13.321},
}
@Article{higgs_mech,
  title = {Broken Symmetries and the Masses of Gauge Bosons},
  author = {Peter Higgs},
  journal = {Phys. Rev. Lett.},
  volume = {13},
  issue = {16},
  pages = {508--509},
  year = {1964},
  doi = {10.1103/PhysRevLett.13.508},
}
@Article{gur_hag_kib,
  title = {Global Conservation Laws and Massless Particles},
  author = {Gerald Guralnik and Carl Hagen and Tom Kibble},
  journal = {Phys. Rev. Lett.},
  volume = {13},
  issue = {20},
  pages = {585--587},
  year = {1964},
  doi = {10.1103/PhysRevLett.13.585},
}
@Article{renorm_group,
  title = {Quantum Electrodynamics at Small Distances},
  author = {Murray Gell-Mann and Francis Low},
  journal = {Phys. Rev.},
  volume = {95},
  issue = {5},
  pages = {1300--1312},
  year = {1954},
  doi = {10.1103/PhysRev.95.1300},
}
@Article{Cabibbo,
  title = {Unitary Symmetry and Leptonic Decays},
  author = {Nicola Cabibbo},
  journal = {Phys. Rev. Lett.},
  volume = {10},
  issue = {12},
  pages = {531--533},
  year = {1963},
  doi = {10.1103/PhysRevLett.10.531},
}
@Article{kob_mas,
      author         = "Kobayashi, Makoto and Maskawa, Toshihide",
      title          = "{CP Violation in the Renormalizable Theory of Weak Interaction}",
      journal        = "Prog. Theor. Phys.",
      volume         = "49",
      year           = "1973",
      pages          = "652-657",
      doi            = "10.1143/PTP.49.652",
}
% Books
@book{LHC_design_v1,
      author        = "Bruning, Oliver Sim and others",
      title         = "{LHC Design Report}",
      publisher     = "CERN",
      year          = "2004",
			note          = "\href{https://cds.cern.ch/record/782076}{CERN-2004-003-V-1}",
}
@book{LHC_design_v2,
      author        = "Bruning, Oliver Sim and others",
      title         = "{LHC Design Report}",
      publisher     = "CERN",
      year          = "2004",
			note          = "\href{http://cds.cern.ch/record/815187}{CERN-2004-003-V-2}",
}
@book{LHC_design_v3,
      author        = "Benedikt, Michael and others",
      title         = "{LHC Design Report}",
      publisher     = "CERN",
      year          = "2004",
			note          = "\href{http://cds.cern.ch/record/823808}{CERN-2004-003-V-3}",
}
@book{LEP,
      title         = "{LEP design report}",
      publisher     = "CERN",
      year          = "1984",
			note          = "\href{https://cds.cern.ch/record/102083}{CERN-LEP-84-01}",
}
% Technical Design Reports
@Booklet{ID_TDR,
		author = "{ATLAS Collaboration}",
      institution   = "CERN",
      howpublished  = "\href{https://cds.cern.ch/record/331063}{ATLAS-TDR-4}",
      year          = "1997"
}
@Booklet{ID_TDR2,
		author = "{ATLAS Collaboration}",
      institution   = "CERN",
      howpublished  = "\href{https://cds.cern.ch/record/331064}{ATLAS-TDR-5}",
      year          = "1997"
}
@Booklet{IBL_TDR,
		author = "{ATLAS Collaboration}",
      institution   = "CERN",
      howpublished  = "\href{https://cds.cern.ch/record/1291633}{ATLAS-TDR-19}",
      year          = "2010"
}
@Booklet{Tile_TDR,
		author = "{ATLAS Collaboration}",
	institution   = "CERN",
	howpublished  = "\href{https://cds.cern.ch/record/331062}{ATLAS-TDR-3}",
	year          = "1996"
}
@Booklet{LAr_TDR,
		author = "{ATLAS Collaboration}",
	institution   = "CERN",
	howpublished  = "\href{https://cds.cern.ch/record/331061}{ATLAS-TDR-2}",
	year          = "1996"
}
@Booklet{Muon_TDR,
		author = "{ATLAS Collaboration}",
	institution    = "CERN",
	howpublished   = "\href{https://cds.cern.ch/record/331068}{ATLAS-TDR-10}",
	year           = "1997"
}
@Booklet{AFP_TDR,
		author = "{ATLAS Collaboration}",
	institution   = "CERN",
	howpublished  = "\href{https://cds.cern.ch/record/2017378}{ATLAS-TDR-024}",
	year          = "2015"
}
@Booklet{Magnet_TDR,
		author = "{ATLAS Collaboration}",
	institution   = "CERN",
	howpublished  = "\href{https://cds.cern.ch/record/338080}{ATLAS-TDR-6}",
	year          = "1997"
}
@Booklet{FTK_TDR,
		author = "{ATLAS Collaboration}",
      institution   = "CERN",
			howpublished  = "\href{https://cds.cern.ch/record/1552953}{ATLAS-TDR-021}",
      year          = "2013"
}
@Booklet{MoEDAL,
		author = "{MoEDAL Collaboration}",
      title          = "{Technical Design Report of the MoEDAL Experiment}",
      institution    = "CERN",
      howpublished  = "\href{http://cds.cern.ch/record/1181486}{MoEDAL-TDR-001}",
			year           = "2009"
}
% Pub Notes
@Booklet{ATL-PHYS-PUB-2009-002,
	author = "{ATLAS Collaboration}",
	title  = "The Expected Performance of the Inner Detector",
	howpublished = "\href{https://cds.cern.ch/search?sysno=002770910CER}{ATL-PHYS-PUB-2009-002}",
	year = "2009"
}
% Internal Notes
@Booklet{LArTiming_2015,
      author        = "Carbone, Ryne and Iordanidou, Kalliopi and
                       Parsons, John",
      title         = "{Optimization of the Liquid Argon Calorimeter Timing
                       Performance in the 2015 pp Data at $\sqrt{s} = 13$ TeV}",
      institution   = "CERN",
      howpublished  = "\href{https://cds.cern.ch/record/2128488}{ATL-COM-LARG-2016-005}",
      year          = "2016",
}
@Booklet{LUCID_2,
		author = "{ATLAS Collaboration}",
	title         = "{Measurement of the luminosity with the new LUCID-2 detector in 2015}",
	institution   = "CERN",
	howpublished  = "\href{https://cds.cern.ch/record/2154368}{ATLAS-COM-FWD-2016-008}",
	year          = "2016",
}
% Proceedings
@Booklet{ID_RUN2_PROC,
      author        = "Stanecka, Ewa",
      title         = "{ATLAS Inner Tracker Performance at the beginning of LHC Run-2.}",
      institution   = "CERN",
      howpublished  = "\href{https://cds.cern.ch/record/2145984}{ATL-COM-INDET-2016-026}",
      year          = "2016"
}
@Booklet{trigger_evo,
      author        = "Krasznahorkay, A",
      title         = "{The evolution of the Trigger and Data Acquisition System
                       in the ATLAS experiment}",
      institution   = "CERN",
      howpublished  = "\href{https://cds.cern.ch/record/1604503}{ATL-DAQ-PROC-2013-018}",
      year          = "2013",
}
@Booklet{accelerators,
      author        = "Baird, S",
      title         = "{Accelerators for pedestrians; rev. version}",
      institution   = "CERN",
      year          = "2007",
      howpublished  = "\href{https://cds.cern.ch/record/1017689}{AB-Note-2007-014}{}"
}
@Booklet{vanderMeer,
      author        = "van der Meer, S",
      title         = "{Calibration of the effective beam height in the ISR}",
      institution   = "CERN",
      year          = "1968",
      howpublished  = "\href{https://cds.cern.ch/record/296752}{CERN-ISR-PO-68-31}",
}
@Booklet{lhc_incident,
      author        = "Bajko, M and others",
      title         = "{Report of the Task Force on the Incident of 19th
                       September 2008 at the LHC}",
      institution   = "CERN",
      year          = "2009",
      howpublished  = "\href{https://cds.cern.ch/record/1168025}{LHC-PROJECT-Report-1168}",
}
@Booklet{electron_efficiency,
		author = "{ATLAS Collaboration}",
			title         = "{Electron efficiency measurements with the ATLAS detector using the 2012 LHC proton-proton collision data}",
      institution   = "CERN",
      howpublished      = "\href{https://cds.cern.ch/record/1706245}{ATLAS-CONF-2014-032}",
      year          = "2014",
}
@Booklet{electron_efficiency_2016,
		author = "{ATLAS Collaboration}",
      title         = "{Electron efficiency measurements with the ATLAS detector using the 2015 LHC proton-proton collision data}",
      institution   = "CERN",
      howpublished  = "\href{https://cds.cern.ch/record/2157687}{ATLAS-CONF-2016-024}",
      year          = "2016",
}
@Booklet{sliding_window,
      author        = "Lampl, W and others",
      title         = "{Calorimeter Clustering Algorithms: Description and Performance}",
      institution   = "CERN",
      howpublished = "\href{https://cds.cern.ch/record/1099735}{ATL-LARG-PUB-2008-002}",
      year          = "2008",
}
@Booklet{gsm_filter,
		author = "{ATLAS Collaboration}",
      title         = "{Improved electron reconstruction in ATLAS using the Gaussian Sum Filter-based model for bremsstrahlung}",
      institution   = "CERN",
      howpublished  = "\href{https://cds.cern.ch/record/1449796}{ATLAS-CONF-2012-047}",
      year          = "2012",
}
@Booklet{el_id_eff,
		author = "{ATLAS Collaboration}",
      title         = "{Electron Reconstruction and Identification Efficiency
                       Measurements in 2016 Data}",
      institution   = "CERN",
      howpublished  = "\href{https://cds.cern.ch/record/2255828}{ATL-COM-PHYS-2017-260}",
      year          = "2017",
}
@Article{anti_kt_algo,
  author={Matteo Cacciari and Gavin P. Salam and Gregory Soyez},
  title={The anti-kt jet clustering algorithm},
  journal={JHEP},
  volume={04},
  pages={063},
	doi="10.1088/1126-6708/2008/04/063",
  year={2008},
}
% ArXiv
@inproceedings{Kfactors,
      author         = "Bern, Z. and others",
      collaboration  = "NLO Multileg Working Group",
      eprint         = "0803.0494",
      archivePrefix  = "arXiv",
			primaryClass   = "hep-ph",
			reportNumber   = "SLAC-PUB-13206, FERMILAB-CONF-08-679-T"
}
@inproceedings{LargeRjet_kin,
      author         = "Shelton, Jessie",
      title          = "{Jet Substructure}",
      number         = "C12-06-04.4, 303-340",
			year           = "2013",
			doi            = "10.1142/9789814525220_0007",
      eprint         = "1302.0260",
			archivePrefix    = "arXiv",
			primaryClass   = "hep-ph"
}
@Article{muon_eff,
		author = "{ATLAS Collaboration}",
	journal="Eur. Phys. J. C",
	year="2016",
	month="May",
	volume="76",
	pages="292",
	doi = "10.1140/epjc/s10052-016-4120-y"
}
@Booklet{met_perf,
		author = "{ATLAS Collaboration}",
      institution   = "CERN",
      howpublished = "\href{https://cds.cern.ch/record/2149445}{ATL-COM-PHYS-2016-407}",
      year          = "2016",
}
@Article{topo_cluster,
		author = "{ATLAS Collaboration}",
      title          = "{Topological cell clustering in the ATLAS calorimeters
                        and its performance in LHC Run 1}",
      year           = "2016",
      eprint         = "1603.02934",
      archivePrefix  = "arXiv",
      primaryClass   = "hep-ex",
      reportNumber   = "CERN-PH-EP-2015-304",
}
@Article{ghost_assoc,
  author={Matteo Cacciari and Gavin P. Salam and Gregory Soyez},
  title={The catchment area of jets},
  journal={JHEP},
  volume={04},
  pages={005},
	doi = "10.1088/1126-6708/2008/04/005",
  year={2008},
}
@Article{jet_energy_measurement,
		author = "{ATLAS Collaboration}",
	journal="Eur. Phys. J. C",
	year="2013",
	month="Mar",
	volume="73",
	pages="2304",
	doi="10.1140/epjc/s10052-013-2304-2",
}
@Article{b_jet,
		author = "{ATLAS Collaboration}",
	title={Performance of b-jet identification in the ATLAS experiment},
  journal={JINST},
  volume={11},
  pages={P04008},
	doi="10.1088/1748-0221/11/04/P04008",
  year={2016},
}
@Booklet{b_jet_opt,
		author = "{ATLAS Collaboration}",
      title         = "{Optimisation of the ATLAS $b$-tagging performance for the
                       2016 LHC Run}",
      institution   = "CERN",
      howpublished   = "\href{https://cds.cern.ch/record/2160731}{ATL-PHYS-PUB-2016-012}",
      year          = "2016",
}
@Booklet{jvt,
		author = "{ATLAS Collaboration}",
      title         = "{Tagging and suppression of pileup jets with the ATLAS
                       detector}",
      institution   = "CERN",
      howpublished  = "\href{https://cds.cern.ch/record/1700870}{ATLAS-CONF-2014-018}",
      year          = "2014",
}
@Article{boost_trim,
		author = "{ATLAS Collaboration}",
	title="Performance of jet substructure techniques for large-R jets in proton-proton collisions at s=7 TeV using the ATLAS detector",
	journal="JHEP",
	year="2013",
	month="Sep",
	day="13",
	volume="9",
	pages="76",
	doi="10.1007/JHEP09(2013)076",
}
@Booklet{jet_comb_mass,
		author = "{ATLAS Collaboration}",
			title         = "{The Derivation and Performance of the Combined Jet Mass in the ATLAS Experiment}",
      institution   = "CERN",
      howpublished  = "\href{https://cds.cern.ch/record/2231534}{ATL-COM-PHYS-2016-1596}",
      year          = "2016",
}
@Booklet{jet_track_mass,
		author = "{ATLAS Collaboration}",
      title         = "{Jet mass reconstruction with the ATLAS Detector in early Run 2 data}",
      institution   = "CERN",
      howpublished  = "\href{https://cds.cern.ch/record/2200211}{ATLAS-CONF-2016-035}",
      year          = "2016",
}
@Article{d2_one,
	author="Larkoski, Andrew J. and Moult, Ian and Neill, Duff",
	title="Power counting to better jet observables",
	journal="JHEP",
	year="2014",
	month="Dec",
	volume="12",
	pages="9",
	doi="10.1007/JHEP12(2014)009",
}
@Article{d2_two,
	author="Larkoski, Andrew J. and Moult, Ian and Neill, Duff",
	title="Analytic boosted boson discrimination",
	journal="JHEP",
	year="2016",
	month="May",
	volume="5",
	pages="117",
	doi="10.1007/JHEP05(2016)117",
}
@Booklet{smoothed_wz_tagger,
		author = "{ATLAS Collaboration}",
      title         = "{Optimisation procedure for two-variable top, W and Z substructure taggers for the ATLAS detector}",
      institution   = "CERN",
      howpublished  = "\href{https://cds.cern.ch/record/2242865}{ATL-COM-PHYS-2017-033}",
      year          = "2017",
}
% Twiki and other unpublished plots
@twiki{LArCaloPublicResults2015,
		author          = "{ATLAS Collaboration}",
    title           = "{LAr Calo Public Results 2015}",
		url             = "https://twiki.cern.ch/twiki/bin/view/AtlasPublic/LArCaloPublicResults2015"
}
@unpublished{atlas_particles,
      author        = "Pequenao, J. and Schaffner, P.",
      title         = "{An computer generated image representing how ATLAS
                       detects particles}",
      month         = "Jan",
      year          = "2013",
      reportNumber  = "CERN-EX-1301009",
      url           = "https://cds.cern.ch/record/1505342",
}
@unpublished{LHC_guide,
      title         = "{LHC Guide}",
      month         = "Mar",
      year          = "2017",
      reportNumber  = "CERN-Brochure-2017-002-Eng",
      url           = "http://cds.cern.ch/record/2255762",
}
@Booklet{acc_comp,
      author        = "Mobs, Esma Anais",
      title         = "{The CERN accelerator complex}",
      year          = "2016",
      howpublished  = "\href{https://cds.cern.ch/record/2225847}{OPEN-PHO-ACCEL-2016-013}",
}
@twiki{25_vertices_z,
		author = "{ATLAS Collaboration}",
    title           = "2012 Z$\rightarrow\mu\mu$ event with high pileup",
    url             = "https://twiki.cern.ch/twiki/bin/view/AtlasPublic/EventDisplayStandAlone#20_vertices"
}
@twiki{Lumi_Public_Run2,
		author = "{ATLAS Collaboration}",
    title           = "Luminosity Public Results Run 2",
    url             = "https://twiki.cern.ch/twiki/bin/view/AtlasPublic/LuminosityPublicResultsRun2"
}
@twiki{HVT_XS,
		author = "{ATLAS Collaboration}",
	title = "Run 2 Exotic Diboson Resonance Combination",
	url = "https://twiki.cern.ch/twiki/bin/viewauth/AtlasProtected/DBCombRun2"
}
@twiki{RSG_XS,
		author = "{ATLAS Collaboration}",
	title = "Run 2 VV/VH Resonance Combination",
	url = "https://twiki.cern.ch/twiki/bin/viewauth/AtlasProtected/VVVHCombRun2"
}
@twiki{AMI,
		author = "{ATLAS Collaboration}",
	title = "ATLAS Metadata Interface",
	url = "https://ami.in2p3.fr/"
}
@twiki{Atlantis,
		author = "{ATLAS Collaboration}",
	title = "Atlantis Event Display",
	url = "https://twiki.cern.ch/twiki/bin/viewauth/AtlasComputing/Atlantis"
}
@twiki{TRT_twiki,
		author = "{ATLAS Collaboration}",
	title = "Public {TRT} Plots for Collision Data",
	url = "https://twiki.cern.ch/twiki/bin/view/AtlasPublic/TRTPublicResults"
}
@twiki{Atlas_mag,
		author = "{ATLAS Collaboration}",
	title         = "ATLAS Magnet System",
	url           = "http://atlas-ma.web.cern.ch/atlas-ma/field/"
}
@twiki{lhc_timeline,
		author = "{CERN Collaboration}",
	title         = "CERN timelines",
	url           = "https://timeline.web.cern.ch/gallo-roman-ruins-discovered-at-cms-dig-site"
}
@twiki{lhc_closer_look,
	authors = "Xabier Vidal and Ramon Manzano",
	title 	= "Taking a closer look at the LHC",
	url 		= "https://www.lhc-closer.es/taking_a_closer_look_at_lhc/1.home"	
}
@book{Nobel_Prizes,
	title     = "All Nobel Prizes in Physics",
	publisher = "Nobel Media AB",
	year      = "2014",
	url       = "https://www.nobelprize.org/nobel_prizes/physics/laureates/",
	note      = "Accessed: 2016-06-13"
}
@book{Griffiths,
      author        = {David Griffiths},
			title         = "Introduction to Elementary Particles",
      year          = "2008",
      publisher     = "Wiley-VCH",
}

@book{Srednicki,
      author        = {Mark Srednicki},
			title         = "Quantum Field Theory",
      year          = "2007",
      publisher     = "Cambridge University Press",
}
@book{wukitung,
			author       = {Wu-Ki Tung},
			title        = "Group Theory in Physics",
			year         = "1985",
			publisher    = "World Scientific Publishing Company",
}
@book{Zee,
			author       = {A. Zee},
			title        = "Quantum Field Theory in a Nutshell",
			year         = "2010",
			publisher    = "Princeton University Press",
}
%% Theory section papers
% Composite Higgs
@Article{comp_higgs_1,
	author = "Michael J. Dugan and Howard Georgi and David B. Kaplan",
	title = "Anatomy of a composite Higgs model",
	journal = "Nucl. Phys. B",
	volume = "254",
	pages = "299 - 326",
	year = "1985",
	issn = "0550-3213",
	doi = "10.1016/0550-3213(85)90221-4",
}
@Article{comp_higgs_2,
	author = "Kaustubh Agashe and Roberto Contino and Alex Pomarol",
	title = "The minimal composite Higgs model",
	journal = "Nucl. Phys. B",
	volume = "719",
	number = "1",
	pages = "165 - 187",
	year = "2005",
	issn = "0550-3213",
	doi = "10.1016/j.nuclphysb.2005.04.035",
}
% Warped Xtra Dims
@Article{warped_xtra_dim_1,
  author = {Randall, Lisa and Sundrum, Raman},
  title = {Large Mass Hierarchy from a Small Extra Dimension},
  journal = {Phys. Rev. Lett.},
  volume = {83},
  issue = {17},
  pages = {3370--3373},
  year = {1999},
  month = {Oct},
  doi = {10.1103/PhysRevLett.83.3370},
}
@Article{warped_xtra_dim_2,
  author = {Randall, Lisa and Sundrum, Raman},
  title = {An Alternative to Compactification},
  journal = {Phys. Rev. Lett.},
  volume = {83},
  issue = {23},
  pages = {4690--4693},
  year = {1999},
  month = {Dec},
  doi = {10.1103/PhysRevLett.83.4690},
}
@Article{warped_xtra_dim_3,
  author = {Davoudiasl, H. and Hewett, J. L. and Rizzo, T. G.},
  title = {Experimental probes of localized gravity: On and off the wall},
  journal = {Phys. Rev. D},
  volume = {63},
  issue = {7},
  pages = {075004},
  year = {2001},
  month = {Mar},
  doi = {10.1103/PhysRevD.63.075004},
}
@Article{extended_higgs_1,
      author         = "de Florian, D. and others",
      title          = "Handbook of LHC Higgs Cross Sections: 4. Deciphering the Nature of the Higgs Sector",
			collaboration  = "LHC Higgs Cross Section Working Group",
      doi            = "10.23731/CYRM-2017-002",
      year           = "2016",
      eprint         = "1610.07922",
      archivePrefix  = "arXiv",
      primaryClass   = "hep-ph",
      reportNumber   = "CERN-2017-002-M",
      SLACcitation   = "%%CITATION = ARXIV:1610.07922;%%"
}
@Article{extended_higgs_2,
	author = "Igor P. Ivanov",
	title = "Building and testing models with extended Higgs sectors",
	journal = "Prog. Part. Nucl. Phys.",
	volume = "95",
	pages = "160 - 208",
	year = "2017",
	doi = "10.1016/j.ppnp.2017.03.001",
	eprint = "1702.03776",
	archivePrefix = "arXiv",
	primaryClass = "hep-ph"
}
@Article{gut_1,
  author = {Pati, Jogesh C. and Salam, Abdus},
  title = {Lepton number as the fourth "color"},
  journal = {Phys. Rev. D},
  volume = {10},
  issue = {1},
  pages = {275--289},
  year = {1974},
  doi = {10.1103/PhysRevD.10.275},
}
@Article{gut_2,
  author = {Georgi, Howard and Glashow, S. L.},
  title = {Unity of All Elementary-Particle Forces},
  journal = {Phys. Rev. Lett.},
  volume = {32},
  issue = {8},
  pages = {438--441},
  year = {1974},
  doi = {10.1103/PhysRevLett.32.438},
}
@Article{gut_3,
	author = "Howard Georgi",
	title  = "",
	journal = "AIP Conference Proceedings",
	volume = "23",
	pages  = "575",
	year   = "1975",
	doi    = {10.1063/1.2947450},
}
@Article{gut_4,
	author = "Harald Fritzsch and Peter Minkowski",
	title = "Unified interactions of leptons and hadrons",
	journal = "Annals Phys.",
	volume = "93",
	number = "1",
	pages = "193 - 266",
	year = "1975",
	issn = "0003-4916",
	doi = "10.1016/0003-4916(75)90211-0",
}
% Scalar heavy higgs
@Article{heavy_higgs_1,
  author = {Hill, A. and van der Bij, J. J.},
  title = {Strongly interacting singlet-doublet Higgs model},
  journal = {Phys. Rev. D},
  volume = {36},
  issue = {11},
  pages = {3463--3473},
  year = {1987},
  doi = {10.1103/PhysRevD.36.3463},
}
@Article{heavy_higgs_2,
  author = {Barger, Vernon and others},
  title = {CERN LHC phenomenology of an extended standard model with a real scalar singlet},
  journal = {Phys. Rev. D},
  volume = {77},
  issue = {3},
  pages = {035005},
  year = {2008},
  doi = {10.1103/PhysRevD.77.035005},
}
@Article{heavy_higgs_ggF,
  author={Simone Alioli and Paolo Nason and Carlo Oleari and Emanuele Re},
  title={NLO Higgs boson production via gluon fusion matched with shower in POWHEG},
  journal={JHEP},
  year={2009},
  volume={04},
  pages={2},
	doi="10.1088/1126-6708/2009/04/002"
}
@Article{heavy_higgs_VBF,
	author="Nason, Paolo and Oleari, Carlo",
	title="NLO Higgs boson production via vector-boson fusion matched with shower in POWHEG",
	journal="JHEP",
	year="2010",
	month="Feb",
	volume="2",
	pages="37",
	doi="10.1007/JHEP02(2010)037",
}
% HVT
@Article{hvt_theory_1,
	author="Pappadopulo, Duccio and Thamm, Andrea and Torre, Riccardo and Wulzer, Andrea",
	title="Heavy vector triplets: bridging theory and data",
	journal="JHEP",
	year="2014",
	volume="09",
	pages="60",
	issn="1029-8479",
	doi="10.1007/JHEP09(2014)060",
}
@Article{hvt_theory_2,
	author="de Blas, J. and Lizana, J. M. and P{\'e}rez-Victoria, M.",
	title="Combining searches of Z{\textasciiacutex} and W{\textasciiacutex} bosons",
	journal="JHEP",
	year="2013",
	volume="01",
	pages="166",
	issn="1029-8479",
	doi="10.1007/JHEP01(2013)166",
}
% Model A
@Article{hvt_model_a,
  author = {Barger, V. and Keung, W. Y. and Ma, Ernest},
  title = {Gauge model with light $W$ and $Z$ bosons},
  journal = {Phys. Rev. D},
  volume = {22},
  issue = {3},
  pages = {727--737},
  year = {1980},
  doi = {10.1103/PhysRevD.22.727},
}
@Article{hvt_model_a2,
	author="Altarelli, G. and Mele, B. and Ruiz-Altaba, M.",
	title="Searching for new heavy vector bosons in pp colliders",
	journal="Z. fur Phys. C",
	year="1989",
	month="Mar",
	volume="45",
	pages="109--121",
	doi="10.1007/BF01556677",
}
% Model B
@Article{hvt_model_b_1,
	author="Contino, Roberto and Pappadopulo, Duccio and Marzocca, David and Rattazzi, Riccardo",
	title="On the effect of resonances in composite Higgs phenomenology",
	journal="JHEP",
	year="2011",
	volume="10",
	pages="81",
	doi="10.1007/JHEP10(2011)081",
}
@Article{hvt_model_b_2,
	author="Bellazzini, Brando and Cs{\'a}ki, Csaba and Serra, Javi",
	title="Composite Higgses",
	journal="Eur. Phys. J. C",
	year="2014",
	volume="74",
	pages="2766",
	doi="10.1140/epjc/s10052-014-2766-x",
}
@Article{hvt_model_b_3,
      author         = "Panico, Giuliano and Wulzer, Andrea",
      title          = "{The Composite Nambu-Goldstone Higgs}",
      journal        = "Lect. Notes Phys.",
      volume         = "913",
      year           = "2016",
      doi            = "10.1007/978-3-319-22617-0",
      eprint         = "1506.01961",
      archivePrefix  = "arXiv",
      primaryClass   = "hep-ph",
}
% RS Graviton
@Article{rs_graviton,
  author = {Agashe, Kaustubh and Davoudiasl, Hooman and Perez, Gilad and Soni, Amarjit},
  title = {Warped gravitons at the CERN LHC and beyond},
  journal = {Phys. Rev. D},
  volume = {76},
  pages = {036006},
  year = {2007},
  doi = {10.1103/PhysRevD.76.036006},
}
@Article{kaluza_klein_mode,
  author = {Han, Tao and Lykken, Joseph D. and Zhang, Ren-Jie},
  title = {Kaluza-Klein states from large extra dimensions},
  journal = {Phys. Rev. D},
  volume = {59},
  pages = {105006},
  year = {1999},
  doi = {10.1103/PhysRevD.59.105006},
}
@Article{grav_width,
  author = {Davoudiasl, H. and Hewett, J. L. and Rizzo, T. G.},
  title = {Phenomenology of the Randall-Sundrum Gauge Hierarchy Model},
  journal = {Phys. Rev. Lett.},
  volume = {84},
  pages = {2080--2083},
  year = {2000},
  doi = {10.1103/PhysRevLett.84.2080},
}
@twiki{rs_pic,
	author = "Maxime Gabella",
	title={The Randall-Sundrum Model},
	year = "2006",
	url  = "http://www-thphys.physics.ox.ac.uk/people/MaximeGabella/rs.pdf"
}
@Article{pdg_2017,
		author = "{Particle Data Group Collaboration}",
      title          = "{Review of Particle Physics}",
      journal        = "Chin. Phys. C",
      volume         = "40",
      year           = "2016",
      number         = "10",
      pages          = "100001",
      doi            = "10.1088/1674-1137/40/10/100001",
}
@Article{nwa_info,
  title = {Breakdown of the Narrow Width Approximation for New Physics},
  author = {Berdine, D. and Kauer, N. and Rainwater, D.},
  journal = {Phys. Rev. Lett.},
  volume = {99},
  issue = {11},
  pages = {111601},
  year = {2007},
  doi = {10.1103/PhysRevLett.99.111601},
}
% MC generator info
@Article{mg5_anlo,
	author="Alwall, J. and others",
	title="The automated computation of tree-level and next-to-leading order differential cross sections, and their matching to parton shower simulations",
	journal="JHEP",
	year="2014",
	month="Jul",
	volume="7",
	pages="79",
	doi="10.1007/JHEP07(2014)079",
}
@Article{nnpdf,
	author = "Richard D. Ball and others",
	title = "Parton distributions with LHC data",
	journal = "Nucl. Phys. B",
	volume = "867",
	pages = "244 - 289",
	year = "2013",
	doi = "10.1016/j.nuclphysb.2012.10.003",
  eprint         = "1207.1303",
	archivePrefix  = "arXiv",
  primaryClass   = "hep-ph",
}
@Article{pythia8,
	author = "Torbjorn Sjostrand and Stephen Mrenna and Peter Skands",
	title = "A brief introduction to PYTHIA 8.1",
	journal = "Comput. Phys. Commun.",
	volume = "178",
	pages = "852 - 867",
	year = "2008",
	doi = "10.1016/j.cpc.2008.01.036",
  eprint         = "0710.3820",
	archivePrefix  = "arXiv",
  primaryClass   = "hep-ph",
}
@Booklet{pythia_tune,
		author = "{ATLAS Collaboration}",
      title         = "{ATLAS Run 1 Pythia8 tunes}",
      institution   = "CERN",
      howpublished  = "\href{https://cds.cern.ch/record/1966419}{ATL-PHYS-PUB-2014-021}",
      year          = "2014",
}
@Article{geant4,
	author = "S. Agostinelli and others",
	title = "Geant4$(Q!=(Ba simulation toolkit",
	journal = "Nucl. Inst. Meth. A",
	volume = "506",
	pages = "250 - 303",
	year = "2003",
	doi = "10.1016/S0168-9002(03)01368-8",
}
@Article{atlas_sim,
		author = "{ATLAS Collaboration}",
	title="The ATLAS Simulation Infrastructure",
	journal="Eur. Phys. J. C",
	year="2010",
	month="Dec",
	day="01",
	volume="70",
	pages="823--874",
	doi="10.1140/epjc/s10052-010-1429-9",
  eprint         = "1005.4568",
	archivePrefix  = "arXiv",
  primaryClass   = "hep-ph",
}
@Article{powheg,
  author={Stefano Frixione and Paolo Nason and Carlo Oleari},
  title={Matching NLO QCD computations with parton shower simulations: the POWHEG method},
  journal={JHEP},
  volume={11},
  pages={070},
  year={2007},
	doi = "10.1088/1126-6708/2007/11/070"
}
@Article{powhegbox,
	author="Alioli, Simone and Nason, Paolo and Oleari, Carlo and Re, Emanuele",
	title="A general framework for implementing NLO calculations in shower Monte Carlo programs: the POWHEG BOX",
	journal="JHEP",
	year="2010",
	month="Jun",
	volume="6",
	pages="43",
	doi="10.1007/JHEP06(2010)043",
}
@Article{ct10,
  title = {New parton distributions for collider physics},
  author = {Lai, Hung-Liang and others},
  journal = {Phys. Rev. D},
  volume = {82},
  pages = {074024},
  year = {2010},
  month = {Oct},
  doi = {10.1103/PhysRevD.82.074024},
}
@Article{aznlo,
		author = "{ATLAS Collaboration}",
	title="Measurement of etc.",
	journal="JHEP",
	year="2014",
	month="Sep",
	volume="9",
	pages="145",
	doi="10.1007/JHEP09(2014)145",
  eprint         = "1406.3660",
	archivePrefix  = "arXiv",
  primaryClass   = "hep-ph",
}
@Article{cteq6l,
  author={Jonathan Pumplin and others},
  title={New Generation of Parton Distributions with Uncertainties from Global QCD Analysis},
  journal={JHEP},
  volume={07},
  pages={012},
  year={2002},
	doi = "10.1088/1126-6708/2002/07/012",  
}
@Article{sherpa,
  author={T. Gleisberg and others},
  title={Event generation with SHERPA 1.1},
  journal={JHEP},
  volume={02},
  pages={007},
  year={2009},
	doi="10.1088/1126-6708/2009/02/007",
}
@Article{herwig,
	author="Bahr, Manuel and others",
	title="Herwig++ physics and manual",
	journal="Eur. Phys. J. C",
	year="2008",
	month="Dec",
	volume="58",
	pages="639--707",
	doi="10.1140/epjc/s10052-008-0798-9",
}
@Article{ueee5,
	author="Gieseke, Stefan and R{\"o}hr, Christian and Si{\'o}dmok, Andrzej",
	title="Colour reconnections in Herwig++",
	journal="Eur. Phys. J. C",
	year="2012",
	month="Nov",
	volume="72",
	pages = "2225",
	doi="10.1140/epjc/s10052-012-2225-5",
}
@Article{evtgen,
	author = "David J. Lange",
	title = "The EvtGen particle decay simulation package",
	journal = "Nucl. Instrum. Meth. A",
	volume = "462",
	pages = "152 - 155",
	year = "2001",
	doi = "10.1016/S0168-9002(01)00089-4",
}
@Article{rapidity_nnlo,
  title = {High-precision QCD at hadron colliders: Electroweak gauge boson rapidity distributions at next-to-next-to leading order},
  author = {Anastasiou, Charalampos and others},
  journal = {Phys. Rev. D},
  volume = {69},
  pages = {094008},
  year = {2004},
  month = {May},
  doi = {10.1103/PhysRevD.69.094008},
}
@Article{ttbar_nnlo,
  title = {Total Top-Quark Pair-Production Cross Section at Hadron Colliders Through},
  author = {Czakon, Michael and Fiedler, Paul and Mitov, Alexander},
  journal = {Phys. Rev. Lett.},
  volume = {110},
  pages = {252004},
  year = {2013},
  month = {Jun},
  doi = {10.1103/PhysRevLett.110.252004},
}
@article{top_pp_nnlo,
	author = "Michal Czakon and Alexander Mitov",
	title = "Top++: A program for the calculation of the top-pair cross-section at hadron colliders",
	journal = "Comp. Phys. Commun.",
	volume = "185",
	pages = "2930 - 2938",
	year = "2014",
	doi = "10.1016/j.cpc.2014.06.021",
}
@Article{singletop_nnll,
  title = {Next-to-next-to-leading logarithm resummation for $s$-channel single top quark production},
  author = {Kidonakis, Nikolaos},
  journal = {Phys. Rev. D},
  volume = {81},
  pages = {054028},
  year = {2010},
  month = {Mar},
  doi = {10.1103/PhysRevD.81.054028},
}
@Article{singletop_twoloop,
  title = {Two-loop soft anomalous dimensions for single top quark associated production with a W or H},
  author = {Kidonakis, Nikolaos},
  journal = {Phys. Rev. D},
  volume = {82},
  pages = {054018},
  year = {2010},
  month = {Sep},
  doi = {10.1103/PhysRevD.82.054018},
}
@Booklet{single_diboson,
      author        = "Butterworth, J and others",
      title         = "{Single Boson and Diboson Production Cross Sections in pp
                       Collisions at sqrts=7 TeV}",
      institution   = "CERN",
      howpublished   = "\href{https://cds.cern.ch/record/1287902}{ATL-COM-PHYS-2010-695}",
      year          = "2010",
}
@Booklet{hdamp,
		author = "{ATLAS Collaboration}",
      title         = "{Comparison of Monte Carlo generator predictions for gap
                       fraction and jet multiplicity observables in top-antitop
                       events}",
      institution   = "CERN",
      howpublished    = "\href{https://cds.cern.ch/record/1703034}{ATL-PHYS-PUB-2014-005}",
      year          = "2014",
}
@Booklet{trig_eff_2016,
		author = "{ATLAS Collaboration}",
			title         = "{Electron and photon trigger efficiency plots using the
                       full 2016 dataset}",
      institution   = "CERN",
      howpublished   = "\href{https://cds.cern.ch/record/2254973}{ATL-COM-DAQ-2017-015}",
      year          = "2017",
}
@Booklet{bad_jet,
		author = "{ATLAS Collaboration}",
			title         = "{Selection of jets produced in 13TeV proton-proton
                       collisions with the ATLAS detector}",
      institution   = "CERN",
      howpublished   = "\href{https://cds.cern.ch/record/2037702}{ATLAS-CONF-2015-029}",
      year          = "2015",
}
@Article{lumi_unc,
		author = "{ATLAS Collaboration}",
	journal="Eur. Phys. J. C",
	year="2016",
	month="Nov",
	day="28",
	volume="76",
	number="12",
	pages="653",
	doi="10.1140/epjc/s10052-016-4466-1",
}
@Article{prw_unc,
		author = "{ATLAS Collaboration}",
      journal        = "Phys. Rev. Lett.",
      volume         = "117",
      year           = "2016",
      number         = "18",
      pages          = "182002",
      doi            = "10.1103/PhysRevLett.117.182002",
      eprint         = "1606.02625",
      archivePrefix  = "arXiv",
      primaryClass   = "hep-ex",
}
@Booklet{met_syst,
		author = "{ATLAS Collaboration}",
			institution   = "CERN",
      howpublished   = "\href{https://cds.cern.ch/record/2037700}{ATL-PHYS-PUB-2015-023}",
      year          = "2015",
      reportNumber  = "ATL-PHYS-PUB-2015-023",
}
@Article{jes_unc,
		author = "{ATLAS Collaboration}",
      title          = "{Jet energy scale measurements and their systematic
                        uncertainties in proton-proton collisions at $\sqrt{s} =
                        13$ TeV with the ATLAS detector}",
      year           = "2017",
      eprint         = "1703.09665",
      archivePrefix  = "arXiv",
      primaryClass   = "hep-ex",
      reportNumber   = "CERN-EP-2017-038",
}
@Booklet{J_scale_unc,
			author        = "{ATLAS Collaboration}",
      title         = "{Identification of boosted, hadronically-decaying $W$ and
                       $Z$ bosons in $\sqrt{s} = 13$ TeV Monte Carlo Simulations
                       for ATLAS}",
      institution   = "CERN",
      howpublished  = "\href{https://cds.cern.ch/record/2041461}{ATL-PHYS-PUB-2015-033}",
      year          = "2015",
}
@Article{ckkw,
      author         = "Catani, S. and Krauss, F. and Kuhn, R. and Webber, B. R.",
      title          = "{QCD matrix elements + parton showers}",
      journal        = "JHEP",
      volume         = "11",
      year           = "2001",
      pages          = "063",
      doi            = "10.1088/1126-6708/2001/11/063",
      eprint         = "hep-ph/0109231",
      archivePrefix  = "arXiv",
      primaryClass   = "hep-ph",
}
@Article{pdf_env,
      author         = "Botje, Michiel and others",
      title          = "{The PDF4LHC Working Group Interim Recommendations}",
      year           = "2011",
      eprint         = "1101.0538",
      archivePrefix  = "arXiv",
      primaryClass   = "hep-ph",
}
@Article{mmht,
      author         = "Harland-Lang, L. A. and Martin, A. D. and Motylinski, P.
                        and Thorne, R. S.",
      title          = "{Parton distributions in the LHC era: MMHT 2014 PDFs}",
      journal        = "Eur. Phys. J. C",
      volume         = "75",
      year           = "2015",
      pages          = "204",
      doi            = "10.1140/epjc/s10052-015-3397-6",
      eprint         = "1412.3989",
      archivePrefix  = "arXiv",
      primaryClass   = "hep-ph",
}
@Article{CT14,
  title = {New parton distribution functions from a global analysis of quantum chromodynamics},
  author = {Dulat, Sayipjamal and others},
  journal = {Phys. Rev. D},
  volume = {93},
  issue = {3},
  pages = {033006},
  year = {2016},
  month = {Feb},
  doi = {10.1103/PhysRevD.93.033006},
}
@Article{lh_stats,
      author         = "Cowan, Glen and Cranmer, Kyle and Gross, Eilam and
                        Vitells, Ofer",
      title          = "{Asymptotic formulae for likelihood-based tests of new
                        physics}",
      journal        = "Eur. Phys. J. C",
      volume         = "71",
      year           = "2011",
      pages          = "1554",
      doi            = "10.1140/epjc/s10052-011-1554-0,
                        10.1140/epjc/s10052-013-2501-z",
      eprint         = "1007.1727",
      archivePrefix  = "arXiv",
      primaryClass   = "physics.data-an",
}
@Article{cls_stats,
  author={A L Read},
  title={Presentation of search results: the CL s technique},
  journal={J. Phys. G},
  volume={28},
  pages={2693},
  doi="10.1088/0954-3899/28/10/313",
  year={2002},
}
@Article{bin_stats,
      author         = "Conway, J. S.",
      title          = "{Incorporating Nuisance Parameters in Likelihoods for
                        Multisource Spectra}",
      booktitle      = "{Proceedings, PHYSTAT 2011 Workshop on Statistical Issues
                        Related to Discovery Claims in Search Experiments and
                        Unfolding, CERN,Geneva, Switzerland 17-20 January 2011}",
      year           = "2011",
      pages          = "115-120",
      doi            = "10.5170/CERN-2011-006.115",
      eprint         = "1103.0354",
      archivePrefix  = "arXiv",
      primaryClass   = "physics.data-an",
}
